<?xml version="1.0" encoding="UTF-8"?><collection xmlns="http://www.loc.gov/MARC21/slim"><record><leader>00499nam--2200181-i-4500</leader><controlfield tag="001">000015082</controlfield><controlfield tag="002">20161230</controlfield><controlfield tag="005">20161230201031</controlfield><controlfield tag="008">060222s1000------------r-----000-0-rum-d</controlfield><datafield ind1=" " ind2=" " tag="040"><subfield code="a">IFIN-HH</subfield></datafield><datafield ind1=" " ind2=" " tag="041"><subfield code="a">rum</subfield></datafield><datafield ind1=" " ind2=" " tag="080"><subfield code="a">533.9.082.74</subfield></datafield><datafield ind1="1" ind2=" " tag="100"><subfield code="a">Deutsch, R. V</subfield></datafield><datafield ind1="1" ind2="0" tag="245"><subfield code="a">Teoria megnetohidrodinamica in fizica plasmei</subfield><subfield code="b">Prefata de acad. e.badarau</subfield><subfield code="c">R.v. deutsch</subfield></datafield><datafield ind1=" " ind2=" " tag="260"><subfield code="a">Bucuresti</subfield><subfield code="b">Editura Academiei Rsr</subfield><subfield code="c">1966</subfield></datafield><datafield ind1=" " ind2=" " tag="300"><subfield code="a">546P</subfield></datafield><datafield ind1=" " ind2=" " tag="852"><subfield code="a">24736</subfield><subfield code="c">538.4</subfield></datafield><datafield ind1=" " ind2=" " tag="CAT"><subfield code="a">Sys</subfield><subfield code="c">20110920</subfield><subfield code="h">090914</subfield></datafield></record></collection>